<?xml version="1.0" encoding="UTF-8"?>
<record xmlns="http://www.loc.gov/MARC21/slim" xmlns:zs="http://docs.oasis-open.org/ns/search-ws/sruResponse">
 <leader>
  03370cpcaa22004937a 4500
 </leader>
 <controlfield tag="001">
  11810062
 </controlfield>
 <controlfield tag="005">
  20190602164441.0
 </controlfield>
 <controlfield tag="008">
  950914i19751995xx                  eng
 </controlfield>
 <datafield ind1=" " ind2=" " tag="906">
  <subfield code="a">
   7
  </subfield>
  <subfield code="b">
   cbc
  </subfield>
  <subfield code="c">
   orignew
  </subfield>
  <subfield code="d">
   1
  </subfield>
  <subfield code="e">
   ncip
  </subfield>
  <subfield code="f">
   19
  </subfield>
  <subfield code="g">
   y-folklife
  </subfield>
 </datafield>
 <datafield ind1=" " ind2=" " tag="955">
  <subfield code="a">
   mfor ?/?/95; shal 10/14/99; cker 01/05/00; mkru 2004-07-22; mkru 2004-09-30; mkru 2010-09-13; cker 2012-01-10
  </subfield>
  <subfield code="a">
   mkru 2018-01-29
  </subfield>
 </datafield>
 <datafield ind1=" " ind2=" " tag="010">
  <subfield code="a">
   2004695189
  </subfield>
 </datafield>
 <datafield ind1=" " ind2=" " tag="035">
  <subfield code="a">
   afc95000012
  </subfield>
 </datafield>
 <datafield ind1=" " ind2=" " tag="040">
  <subfield code="a">
   DLC
  </subfield>
  <subfield code="c">
   DLC
  </subfield>
  <subfield code="e">
   appm
  </subfield>
  <subfield code="d">
   DLC
  </subfield>
 </datafield>
 <datafield ind1=" " ind2=" " tag="043">
  <subfield code="a">
   n-us---
  </subfield>
  <subfield code="a">
   n-us-md
  </subfield>
 </datafield>
 <datafield ind1=" " ind2=" " tag="090">
  <subfield code="a">
   AFC 1984/024
  </subfield>
 </datafield>
 <datafield ind1="0" ind2="0" tag="245">
  <subfield code="a">
   Square dance legislation collection,
  </subfield>
  <subfield code="f">
   1975-1995
  </subfield>
  <subfield code="g">
   (bulk 1984-1988) /
  </subfield>
  <subfield code="c">
   compiled by the American Folklife Center.
  </subfield>
 </datafield>
 <datafield ind1=" " ind2=" " tag="260">
  <subfield code="c">
   1975-1995.
  </subfield>
 </datafield>
 <datafield ind1=" " ind2=" " tag="300">
  <subfield code="a">
   405
  </subfield>
  <subfield code="f">
   items,
  </subfield>
  <subfield code="a">
   2
  </subfield>
  <subfield code="f">
   boxes (.8 linear ft.)
  </subfield>
 </datafield>
 <datafield ind1=" " ind2=" " tag="351">
  <subfield code="a">
   Organized into the following series: I. Administrative Materials; II. Federal Legislation (1975-1988); III. State Legislation (1984-1995)
  </subfield>
 </datafield>
 <datafield ind1=" " ind2=" " tag="520">
  <subfield code="a">
   The Square Dance Legislation collection consists of manuscript materials (1975-1995) compiled by the American Folklife Center, Library of Congress, documenting the history of legislative efforts to designate the square dance as a national or state folk dance. The bulk of the materials concerns the public hearing on House Resolution 1706 held June 28,1984, before the Subcommittee on Census and Population of the Committee on Post Office and Civil Service, House of Representatives, 98th Congress to "designate the square dance as the national folk dance of the United States."
  </subfield>
 </datafield>
 <datafield ind1="8" ind2=" " tag="524">
  <subfield code="a">
   Square Dance Legislation collection (AFC 1984/024), Archive of Folk Culture, American Folklife Center, Library of Congress, Washington, D.C.
  </subfield>
 </datafield>
 <datafield ind1="0" ind2=" " tag="506">
  <subfield code="a">
   Collection is open for research. To request materials, please contact the Folklife Reading Room at
  </subfield>
  <subfield code="u">
   http://hdl.loc.gov/loc.afc/folklife.contact
  </subfield>
 </datafield>
 <datafield ind1=" " ind2=" " tag="540">
  <subfield code="a">
   Duplication of the materials may be governed by copyright and other restrictions.
  </subfield>
 </datafield>
 <datafield ind1=" " ind2=" " tag="541">
  <subfield code="a">
   Accessioned,
  </subfield>
  <subfield code="d">
   1984 to 1995.
  </subfield>
 </datafield>
 <datafield ind1=" " ind2=" " tag="545">
  <subfield code="a">
   The Square Dance Legislation Collection was compiled by the American Folklife Center, Library of Congress in response to national activity focused on this type of legislation. It was assembled primarily by Gerald E. Parsons, Reference Librarian, in 1984.
  </subfield>
 </datafield>
 <datafield ind1="8" ind2=" " tag="555">
  <subfield code="a">
   Finding aid is available in the Folklife Reading Room, and online
  </subfield>
  <subfield code="u">
   http://hdl.loc.gov/loc.afc/eadafc.af010005
  </subfield>
 </datafield>
 <datafield ind1=" " ind2="0" tag="650">
  <subfield code="a">
   Folk dancing
  </subfield>
  <subfield code="x">
   Law and legislation
  </subfield>
  <subfield code="z">
   United States.
  </subfield>
 </datafield>
 <datafield ind1=" " ind2="0" tag="650">
  <subfield code="a">
   Square dancing
  </subfield>
  <subfield code="x">
   Law and legislation
  </subfield>
  <subfield code="z">
   United States.
  </subfield>
 </datafield>
 <datafield ind1=" " ind2="0" tag="650">
  <subfield code="a">
   Signs and symbols
  </subfield>
  <subfield code="z">
   United States.
  </subfield>
 </datafield>
 <datafield ind1=" " ind2="0" tag="650">
  <subfield code="a">
   Square dancing
  </subfield>
  <subfield code="x">
   Law and legislation
  </subfield>
  <subfield code="z">
   Maryland.
  </subfield>
 </datafield>
 <datafield ind1=" " ind2="7" tag="655">
  <subfield code="a">
   Legislative bills.
  </subfield>
  <subfield code="2">
   lcgft
  </subfield>
 </datafield>
 <datafield ind1=" " ind2="7" tag="655">
  <subfield code="a">
   Legislative materials.
  </subfield>
  <subfield code="2">
   lcgft
  </subfield>
 </datafield>
 <datafield ind1=" " ind2="7" tag="655">
  <subfield code="a">
   Manuscripts.
  </subfield>
  <subfield code="2">
   aat
  </subfield>
 </datafield>
 <datafield ind1=" " ind2="7" tag="655">
  <subfield code="a">
   Articles.
  </subfield>
  <subfield code="2">
   aat
  </subfield>
 </datafield>
 <datafield ind1=" " ind2="7" tag="655">
  <subfield code="a">
   Clippings.
  </subfield>
  <subfield code="2">
   gmgpc
  </subfield>
 </datafield>
 <datafield ind1="1" ind2="0" tag="600">
  <subfield code="a">
   Nevell, Richard.
  </subfield>
  <subfield code="t">
   Time to dance : American country dancing from hornpipes to hot hash
  </subfield>
 </datafield>
 <datafield ind1="1" ind2=" " tag="700">
  <subfield code="a">
   Parsons, Gerald E.,
  </subfield>
  <subfield code="d">
   1940-1995,
  </subfield>
  <subfield code="e">
   collector.
  </subfield>
 </datafield>
 <datafield ind1="2" ind2=" " tag="710">
  <subfield code="a">
   American Folklife Center,
  </subfield>
  <subfield code="e">
   collector.
  </subfield>
 </datafield>
 <datafield ind1="2" ind2=" " tag="710">
  <subfield code="a">
   Archive of Folk Culture (Library of Congress),
  </subfield>
  <subfield code="e">
   collector.
  </subfield>
 </datafield>
 <datafield ind1=" " ind2=" " tag="852">
  <subfield code="a">
   Library of Congress
  </subfield>
  <subfield code="b">
   Archive of Folk Culture, American Folklife Center,
  </subfield>
  <subfield code="e">
   101 Independence Ave. S.E., Washington, DC USA 20540-4610
  </subfield>
  <subfield code="u">
   http://hdl.loc.gov/loc.afc/folklife.home
  </subfield>
 </datafield>
 <datafield ind1="4" ind2="2" tag="856">
  <subfield code="3">
   Finding aid
  </subfield>
  <subfield code="u">
   http://hdl.loc.gov/loc.afc/eadafc.af010005
  </subfield>
 </datafield>
 <datafield ind1=" " ind2=" " tag="985">
  <subfield code="a">
   AFC/Square Dance
  </subfield>
  <subfield code="e">
   DHC
  </subfield>
 </datafield>
 <datafield ind1=" " ind2=" " tag="985">
  <subfield code="a">
   afc/ead
  </subfield>
 </datafield>
 <datafield ind1=" " ind2=" " tag="985">
  <subfield code="a">
   afc/coll
  </subfield>
 </datafield>
</record>
